@misc{
	domain_tree_src
	author = "Google Inc.",
	title = "Google Domains Help",
	year = "2017",
	url={\url{https://support.google.com/domains/}},
}




@techreport{RFC1035,
	author = {P. Mockapetris},
	title = {Domain names - implementation and specification},
	howpublished = {Internet Requests for Comments},
	type = {STD},
	number = {13},
	year = {1987},
	month = {November},
	issn = {2070-1721},
	publisher = {RFC Editor},
	institution = {RFC Editor},
	url = {http://www.rfc-editor.org/rfc/rfc1035.txt},
	note = {\url{http://www.rfc-editor.org/rfc/rfc1035.txt}},
}