@techreport{RFC5936,
  author = {E. Lewis and A. Hoenes},
  title = {DNS Zone Transfer Protocol (AXFR)},
  howpublished = {Internet Requests for Comments},
  type = {RFC},
  number = {5936},
  year = {2010},
  month = {June},
  issn = {2070-1721},
  publisher = {RFC Editor},
  institution = {RFC Editor},
}

@unpublished{axfrtools,
    author = {},
    title = {{https://github.com/stryngs/axfr-tools}},
    institution = {https://github.com/stryngs/axfr-tools},
    number = {},
    address = {},
    month = {},
    year = {},
    www = {https://github.com/stryngs/axfr-tools},
}
@unpublished{wd,
    author = {},
    title = {{http://www.securityweek.com/western-digital-user-data-exposed-dns-issue}},
    institution = {http://www.securityweek.com/western-digital-user-data-exposed-dns-issue},
    number = {},
    address = {},
    month = {},
    year = {},
    www = {http://www.securityweek.com/western-digital-user-data-exposed-dns-issue},
}

@techreport{RFC1035,
  author = {P. Mockapetris},
  title = {Domain names - implementation and specification},
  howpublished = {Internet Requests for Comments},
  type = {STD},
  number = {13},
  year = {1987},
  month = {November},
  issn = {2070-1721},
  publisher = {RFC Editor},
  institution = {RFC Editor},
  url = {http://www.rfc-editor.org/rfc/rfc1035.txt},
  note = {\url{http://www.rfc-editor.org/rfc/rfc1035.txt}},
}

 
@techreport{RFC7208,
  author = {S. Kitterman},
  title = {Sender Policy Framework (SPF) for Authorizing Use of Domains in Email, Version 1},
  howpublished = {Internet Requests for Comments},
  type = {RFC},
  number = {7208},
  year = {2014},
  month = {April},
  issn = {2070-1721},
  publisher = {RFC Editor},
  institution = {RFC Editor},
  url = {http://www.rfc-editor.org/rfc/rfc7208.txt},
  note = {\url{http://www.rfc-editor.org/rfc/rfc7208.txt}},
}