@misc{
	domain_tree_src,
	author = "Google Inc.",
	title = "Google Domains Help",
	year = "2017",
	url={\url{https://support.google.com/domains/}},
	note={\url{https://support.google.com/domains/}},
}

@inproceedings{
	measuring-and-fingerprinting-click-spam-in-ad-networks,
	author = {Dave, Vacha and Guha, Saikat and Zhang, Yin},
	title = {Measuring and Fingerprinting Click-Spam in Ad Networks},
	booktitle = {Proceedings of the Special Interest Group on Data Communication (SIGCOMM)},
	year = {2012},
	month = {August},
	publisher = {},
	url = {https://www.microsoft.com/en-us/research/publication/measuring-and-fingerprinting-click-spam-in-ad-networks/},
	address = {Helsinki, Finland},
	pages = {},
	journal = {},
	volume = {},
	chapter = {},
	isbn = {},
}

@techreport{RFC5155,
	author = {B. Laurie and G. Sisson and R. Arends and D. Blacka},
	title = {DNS Security (DNSSEC) Hashed Authenticated Denial of Existence},
	howpublished = {Internet Requests for Comments},
	type = {RFC},
	number = {5155},
	year = {2008},
	month = {March},
	issn = {2070-1721},
	publisher = {RFC Editor},
	institution = {RFC Editor},
	url = {http://www.rfc-editor.org/rfc/rfc5155.txt},
	note = {\url{http://www.rfc-editor.org/rfc/rfc5155.txt}},
}
